@book{tsay2005analysis,
  author    = {Ruey S. Tsay},
  title     = {Analysis of financial time series},
  publisher = {John Wiley \& Sons},
  year      = {2005}
}

@book{mandelbrot2010mis,
  author    = {Benoit B. Mandelbrot and Richard L. Hudson},
  title     = {The (mis) behaviour of markets: a fractal view of risk, ruin and reward},
  publisher = {Profile books},
  year      = {2010}
}

@book{brockwell2002introduction,
  author    = {Peter J. Brockwell and Richard A. Davis},
  title     = {Introduction to time series and forecasting},
  publisher = {Springer},
  year      = {2002}
}

@article{huang1998empirical,
  author    = {Norden E Huang and Zheng Shen and Steven R Long and Manli C Wu and Hsing H Shih and Quanan Zheng and Nai-Chyuan Yen and Chi Chao Tung and Henry H Liu},
  title     = {The empirical mode decomposition and the Hilbert spectrum for nonlinear and non-stationary time series analysis},
  journal   = {Proceedings of the Royal Society of London. Series A: mathematical, physical and engineering sciences},
  volume    = {454},
  number    = {1971},
  pages     = {903--995},
  year      = {1998},
  publisher = {The Royal Society}
}

@article{huang2022wind,
  author    = {Xiaohan Huang and Aihua Jiang},
  title     = {Wind Power Generation Forecast Based on Multi-Step Informer Network},
  journal   = {Energies},
  volume    = {15},
  number    = {18},
  pages     = {6642},
  year      = {2022},
  publisher = {MDPI}
}

@article{li2023improving,
  author    = {Feiyu Li and Zhibo Wan and Thomas Koch and Guokuan Zan and Mengjiao Li and Zhonghai Zheng and Bo Liang},
  title     = {Improving the accuracy of multi-step prediction of building energy consumption based on EEMD-PSO-Informer and long-time series},
  journal   = {Computers and Electrical Engineering},
  volume    = {110},
  pages     = {108845},
  year      = {2023},
  publisher = {Elsevier}
}

@article{gong2022load,
  author    = {Mingju Gong and Yin Zhao and Jiawang Sun and Cuitian Han and Guannan Sun and Bo Yan},
  title     = {Load forecasting of district heating system based on Informer},
  journal   = {Energy},
  volume    = {253},
  pages     = {124179},
  year      = {2022},
  publisher = {Elsevier}
}

@inbook{lee2023financial,
  author    = {John Lee and Jow-Ran Chang and Lie-Jane Kao and Cheng-Few Lee},
  title     = {Financial Analysis, Planning, and Forecasting},
  booktitle = {Essentials of Excel VBA, Python, and R: Volume II: Financial Derivatives, Risk Management and Machine Learning},
  pages     = {433--455},
  year      = {2023},
  publisher = {Springer}
}

@article{jerez2020effects,
  author    = {Tomas Jerez and Werner Kristjanpoller},
  title     = {Effects of the validation set on stock returns forecasting},
  journal   = {Expert Systems with Applications},
  volume    = {150},
  pages     = {113271},
  year      = {2020},
  publisher = {Elsevier}
}

@article{zhang2018stock,
  author    = {Xi Zhang and Siyu Qu and Jieyun Huang and Binxing Fang and Philip Yu},
  title     = {Stock market prediction via multi-source multiple instance learning},
  journal   = {IEEE Access},
  volume    = {6},
  pages     = {50720--50728},
  year      = {2018},
  publisher = {IEEE}
}

@article{kurani2023comprehensive,
  author    = {Akshit Kurani and Pavan Doshi and Aarya Vakharia and Manan Shah},
  title     = {A comprehensive comparative study of artificial neural network (ANN) and support vector machines (SVM) on stock forecasting},
  journal   = {Annals of Data Science},
  volume    = {10},
  number    = {1},
  pages     = {183--208},
  year      = {2023},
  publisher = {Springer}
}

@article{sezer2018algorithmic,
  author    = {Omer Berat Sezer and Ahmet Murat Ozbayoglu},
  title     = {Algorithmic financial trading with deep convolutional neural networks: Time series to image conversion approach},
  journal   = {Applied Soft Computing},
  volume    = {70},
  pages     = {525--538},
  year      = {2018},
  publisher = {Elsevier}
}

@article{zaremba2023chatgpt,
  author    = {Adam Zaremba and Ender Demir},
  title     = {ChatGPT: Unlocking the future of NLP in finance},
  journal   = {Available at SSRN 4323643},
  year      = {2023}
}

@article{engle1982autoregressive,
  author    = {Robert F. Engle},
  title     = {Autoregressive conditional heteroscedasticity with estimates of the variance of United Kingdom inflation},
  journal   = {Econometrica: Journal of the econometric society},
  pages     = {987--1007},
  year      = {1982},
  publisher = {JSTOR}
}

@article{bollerslev1986generalized,
  author    = {Tim Bollerslev},
  title     = {Generalized autoregressive conditional heteroskedasticity},
  journal   = {Journal of econometrics},
  volume    = {31},
  number    = {3},
  pages     = {307--327},
  year      = {1986},
  publisher = {Elsevier}
}

@article{hsieh1988statistical,
  author    = {David A. Hsieh},
  title     = {The statistical properties of daily foreign exchange rates: 1974--1983},
  journal   = {Journal of international economics},
  volume    = {24},
  number    = {1-2},
  pages     = {129--145},
  year      = {1988},
  publisher = {Elsevier}
}

@book{brown2004smoothing,
  author    = {Robert Goodell Brown},
  title     = {Smoothing, forecasting and prediction of discrete time series},
  year      = {2004},
  publisher = {Courier Corporation}
}

@article{wang2022asian,
  author    = {Wang, Jujie and Cui, Quan and Sun, Xin and He, Maolin},
  title     = {Asian stock markets closing index forecast based on secondary decomposition, multi-factor analysis and attention-based LSTM model},
  journal   = {Engineering Applications of Artificial Intelligence},
  volume    = {113},
  pages     = {104908},
  year      = {2022},
  publisher = {Elsevier}
}

@article{wang2020time,
  author    = {Fang Wang and Menggang Li and Yiduo Mei and Wenrui Li},
  title     = {Time series data mining: A case study with big data analytics approach},
  journal   = {IEEE Access},
  volume    = {8},
  pages     = {14322--14328},
  year      = {2020},
  publisher = {IEEE}
}

@article{herwartz2017stock,
  author    = {Helmut Herwartz},
  title     = {Stock return prediction under GARCH—An empirical assessment},
  journal   = {International Journal of Forecasting},
  volume    = {33},
  number    = {3},
  pages     = {569--580},
  year      = {2017},
  publisher = {Elsevier}
}

@article{pomponi2021structured,
  author    = {Jary Pomponi and Simone Scardapane and Aurelio Uncini},
  title     = {Structured Ensembles: An approach to reduce the memory footprint of ensemble methods},
  journal   = {Neural Networks},
  volume    = {144},
  pages     = {407--418},
  year      = {2021},
  publisher = {Elsevier}
}

@inproceedings{tung2018clip,
  author    = {Frederick Tung and Greg Mori},
  title     = {Clip-q: Deep network compression learning by in-parallel pruning-quantization},
  booktitle = {Proceedings of the IEEE conference on computer vision and pattern recognition},
  pages     = {7873--7882},
  year      = {2018}
}

@article{yang2016integrated,
  author    = {Heng-Li Yang and Han-Chou Lin},
  title     = {An integrated model combined ARIMA, EMD with SVR for stock indices forecasting},
  journal   = {International Journal on Artificial Intelligence Tools},
  volume    = {25},
  pages     = {1650005},
  year      = {2016},
  publisher = {World Scientific}
}

@article{alfonso2020stock,
  author    = {Gerardo Alfonso and A Daniel Carnerero and Daniel R Ramirez and Teodoro Alamo},
  title     = {Stock forecasting using local data},
  journal   = {IEEE Access},
  volume    = {9},
  pages     = {9334--9344},
  year      = {2020},
  publisher = {IEEE}
}

@article{bukhari2020fractional,
  author    = {Ayaz Hussain Bukhari and Muhammad Asif Zahoor Raja and Muhammad Sulaiman and Saeed Islam and Muhammad Shoaib and Poom Kumam},
  title     = {Fractional neuro-sequential ARFIMA-LSTM for financial market forecasting},
  journal   = {IEEE Access},
  volume    = {8},
  pages     = {71326--71338},
  year      = {2020},
  publisher = {IEEE}
}

@article{buyukcsahin2019improving,
  author    = {Ümit Çavuş Büyükşahin and Şeyda Ertekin},
  title     = {Improving forecasting accuracy of time series data using a new ARIMA-ANN hybrid method and empirical mode decomposition},
  journal   = {Neurocomputing},
  volume    = {361},
  pages     = {151--163},
  year      = {2019},
  publisher = {Elsevier}
}

@article{qiu2020novel,
  author    = {Yue Qiu and Hao-Yu Yang and Shan Lu and Wei Chen},
  title     = {A novel hybrid model based on recurrent neural networks for stock market timing},
  journal   = {Soft Computing},
  volume    = {24},
  pages     = {15273--15290},
  year      = {2020},
  publisher = {Springer}
}

@article{jin2020stock,
  author    = {Zhigang Jin and Yang Yang and Yuhong Liu},
  title     = {Stock closing price prediction based on sentiment analysis and LSTM},
  journal   = {Neural Computing and Applications},
  volume    = {32},
  pages     = {9713--9729},
  year      = {2020},
  publisher = {Springer}
}

@article{lu2021cnn,
  author    = {Wenjie Lu and Jiazheng Li and Jingyang Wang and Lele Qin},
  title     = {A CNN-BiLSTM-AM method for stock price prediction},
  journal   = {Neural Computing and Applications},
  volume    = {33},
  pages     = {4741--4753},
  year      = {2021},
  publisher = {Springer}
}

@article{chen2022china,
  author    = {Yufeng Chen and Jinwang Wu and Zhongrui Wu},
  title     = {China’s commercial bank stock price prediction using a novel K-means-LSTM hybrid approach},
  journal   = {Expert Systems with Applications},
  volume    = {202},
  pages     = {117370},
  year      = {2022},
  publisher = {Elsevier}
}

@inproceedings{guo2021mrc,
  author    = {Qiutong Guo and Shun Lei and Qing Ye and Zhiyang Fang},
  title     = {MRC-LSTM: a hybrid approach of multi-scale residual CNN and LSTM to predict bitcoin price},
  booktitle = {2021 International Joint Conference on Neural Networks (IJCNN)},
  pages     = {1--8},
  year      = {2021},
  organization = {IEEE}
}

@inproceedings{zhou2021informer,
  author    = {H. Zhou and S. Zhang and J. Peng and S. Zhang and J. Li and H. Xiong and W. Zhang},
  title     = {Informer: Beyond efficient transformer for long sequence time-series forecasting},
  booktitle = {Proceedings of the AAAI conference on artificial intelligence},
  volume    = {35},
  number    = {12},
  pages     = {11106--11115},
  year      = {2021},
  publisher = {AAAI Press}
}

@article{zhang2022transformer,
  author    = {Qiuyue Zhang and Chao Qin and Yunfeng Zhang and Fangxun Bao and Caiming Zhang and Peide Liu},
  title     = {Transformer-based attention network for stock movement prediction},
  journal   = {Expert Systems with Applications},
  volume    = {202},
  pages     = {117239},
  year      = {2022},
  publisher = {Elsevier}
}

@article{kim2018forecasting,
  author    = {Ha Young Kim and Chang Hyun Won},
  title     = {Forecasting the volatility of stock price index: A hybrid model integrating LSTM with multiple GARCH-type models},
  journal   = {Expert Systems with Applications},
  volume    = {103},
  pages     = {25--37},
  year      = {2018},
  publisher = {Elsevier}
}

@article{yang2016integrated,
  author    = {Heng-Li Yang and Han-Chou Lin},
  title     = {An integrated model combined ARIMA, EMD with SVR for stock indices forecasting},
  journal   = {International Journal on Artificial Intelligence Tools},
  volume    = {25},
  number    = {02},
  pages     = {1650005},
  year      = {2016},
  publisher = {World Scientific}
}

@article{luo2021hybrid,
  author    = {Zhidan Luo and Wei Guo and Qingfu Liu and Zhengjun Zhang},
  title     = {A hybrid model for financial time-series forecasting based on mixed methodologies},
  journal   = {Expert Systems},
  volume    = {38},
  number    = {2},
  pages     = {e12633},
  year      = {2021},
  publisher = {Wiley Online Library}
}

@article{du2019container,
  author    = {Pei Du and Jianzhou Wang and Wendong Yang and Tong Niu},
  title     = {Container throughput forecasting using a novel hybrid learning method with error correction strategy},
  journal   = {Knowledge-Based Systems},
  volume    = {182},
  pages     = {104853},
  year      = {2019},
  publisher = {Elsevier}
}

@article{iftikhar2023forecasting,
  author    = {Hasnain Iftikhar and Aimel Zafar and Josue E Turpo-Chaparro and Paulo Canas Rodrigues and Javier Linkolk López-Gonzales},
  title     = {Forecasting Day-Ahead Brent Crude Oil Prices Using Hybrid Combinations of Time Series Models},
  journal   = {Mathematics},
  volume    = {11},
  number    = {16},
  pages     = {3548},
  year      = {2023},
  publisher = {MDPI}
}

@article{wei2016hybrid,
  author    = {Liang-Ying Wei},
  title     = {A hybrid ANFIS model based on empirical mode decomposition for stock time series forecasting},
  journal   = {Applied Soft Computing},
  volume    = {42},
  pages     = {368--376},
  year      = {2016},
  publisher = {Elsevier}
}

@article{rubio2022forecasting,
  author    = {Lihki Rubio and Keyla Alba},
  title     = {Forecasting selected colombian shares using a hybrid ARIMA-SVR model},
  journal   = {Mathematics},
  volume    = {10},
  number    = {13},
  pages     = {2181},
  year      = {2022},
  publisher = {MDPI}
}

@article{li2020fractional,
  author    = {Shuqi Li and Xiaoming Liu and Aijing Lin},
  title     = {Fractional frequency hybrid model based on EEMD for financial time series forecasting},
  journal   = {Communications in Nonlinear Science and Numerical Simulation},
  volume    = {89},
  pages     = {105281},
  year      = {2020},
  publisher = {Elsevier}
}

@article{singh2021soft,
  author    = {Sarbjit Singh and Kulwinder Singh Parmar and Jatinder Kumar},
  title     = {Soft computing model coupled with statistical models to estimate future of stock market},
  journal   = {Neural Computing and Applications},
  volume    = {33},
  pages     = {7629--7647},
  year      = {2021},
  publisher = {Springer}
}

@article{kara2011prediction,
  author    = {Yakup Kara and Melek Acar Boyacioglu and Ömer Kaan Baykan},
  title     = {Predicting direction of stock price index movement using artificial neural networks and support vector machines: The sample of the Istanbul Stock Exchange},
  journal   = {Expert Systems with Applications},
  volume    = {38},
  number    = {5},
  pages     = {5311--5319},
  year      = {2011},
  publisher = {Elsevier}
}

@article{guresen2011using,
  author    = {Erkam Guresen and Gulgun Kayakutlu and Tugrul U Daim},
  title     = {Using artificial neural network models in stock market index prediction},
  journal   = {Expert Systems with Applications},
  volume    = {38},
  number    = {8},
  pages     = {10389--10397},
  year      = {2011},
  publisher = {Elsevier}
}

@book{achelis2005technical,
  author    = {S.B. Achelis},
  title     = {Technical Analysis From A To Z},
  publisher = {Vision Books},
  year      = {2005},
  url       = {https://books.google.com/books?id=J1YDPgAACAAJ}
}

@article{dragomiretskiy2013variational,
  author    = {K. Dragomiretskiy and D. Zosso},
  title     = {Variational mode decomposition},
  journal   = {IEEE Transactions on Signal Processing},
  volume    = {62},
  number    = {3},
  pages     = {531--544},
  year      = {2013},
  publisher = {IEEE}
}

@article{lin2022using,
  author    = {G. Lin and A. Lin and D. Gu},
  title     = {Using support vector regression and K-nearest neighbors for short-term traffic flow prediction based on maximal information coefficient},
  journal   = {Information Sciences},
  volume    = {608},
  pages     = {517--531},
  year      = {2022},
  publisher = {Elsevier}
}

@article{chen2009measuring,
  author    = {W. Chen and J. Zhuang and W. Yu and Z. Wang},
  title     = {Measuring complexity using fuzzyen, apen, and sampen},
  journal   = {Medical Engineering \& Physics},
  volume    = {31},
  number    = {1},
  pages     = {61--68},
  year      = {2009},
  publisher = {Elsevier}
}

@inproceedings{vaswani2017attention,
  author    = {A. Vaswani and N. Shazeer and N. Parmar and J. Uszkoreit and L. Jones and A.N. Gomez and {\L}. Kaiser and I. Polosukhin},
  title     = {Attention is all you need},
  booktitle = {Advances in Neural Information Processing Systems},
  volume    = {30},
  year      = {2017},
  publisher = {NIPS}
}

@inproceedings{selvin2017stock,
  author    = {S. Selvin and R. Vinayakumar and E.A. Gopalakrishnan and V.K. Menon and K.P. Soman},
  title     = {Stock price prediction using LSTM, RNN and CNN-sliding window model},
  booktitle = {2017 International Conference on Advances in Computing, Communications and Informatics (ICACCI)},
  pages     = {1643--1647},
  year      = {2017},
  publisher = {IEEE}
}

@inproceedings{ye2019river,
  author    = {Q. Ye and X. Yang and C. Chen and J. Wang},
  title     = {River water quality parameters prediction method based on LSTM-RNN model},
  booktitle = {2019 Chinese Control And Decision Conference (CCDC)},
  pages     = {3024--3028},
  year      = {2019},
  publisher = {IEEE}
}

@inproceedings{pascanu2013difficulty,
  author    = {R. Pascanu and T. Mikolov and Y. Bengio},
  title     = {On the difficulty of training recurrent neural networks},
  booktitle = {International Conference on Machine Learning},
  pages     = {1310--1318},
  year      = {2013},
  publisher = {Pmlr}
}

@inproceedings{barron2019general,
  author    = {J. T. Barron},
  title     = {A general and adaptive robust loss function},
  booktitle = {Proceedings of the IEEE/CVF Conference on Computer Vision and Pattern Recognition},
  pages     = {4331--4339},
  year      = {2019},
  publisher = {IEEE/CVF}
}

@inproceedings{yong2020gradient,
  author    = {Hongwei Yong and Jianqiang Huang and Xiansheng Hua and Lei Zhang},
  title     = {Gradient centralization: A new optimization technique for deep neural networks},
  booktitle = {Computer Vision--ECCV 2020: 16th European Conference, Glasgow, UK, August 23--28, 2020, Proceedings, Part I 16},
  pages     = {635--652},
  year      = {2020},
  publisher = {Springer}
}
